timestamp;buyer;seller;symbol;currency;price;quantity
0;;;CHOCOLATE;SEASHELLS;7888;8
0;;;STRAWBERRIES;SEASHELLS;4036;6
100;;;AMETHYSTS;SEASHELLS;9998;1
100;;;STARFRUIT;SEASHELLS;5027;4
100;;;STARFRUIT;SEASHELLS;5027;7
200;;;ROSES;SEASHELLS;14423;2
300;;;STRAWBERRIES;SEASHELLS;4038;10
400;;;CHOCOLATE;SEASHELLS;7891;5
800;;;AMETHYSTS;SEASHELLS;9998;1
800;;;CHOCOLATE;SEASHELLS;7891;5
800;;;STARFRUIT;SEASHELLS;5023;1
800;;;STARFRUIT;SEASHELLS;5023;1
900;;;STRAWBERRIES;SEASHELLS;4038;9
1000;;;AMETHYSTS;SEASHELLS;9995;7
1000;;;GIFT_BASKET;SEASHELLS;70658;7
1100;;;AMETHYSTS;SEASHELLS;10002;6
1100;;;AMETHYSTS;SEASHELLS;10002;4
1100;;;STRAWBERRIES;SEASHELLS;4037;5
1300;;;AMETHYSTS;SEASHELLS;9996;1
1300;;;STARFRUIT;SEASHELLS;5021;2
1400;;;STARFRUIT;SEASHELLS;5023;2
1500;;;STARFRUIT;SEASHELLS;5022;1
1800;;;STARFRUIT;SEASHELLS;5026;5
2000;;;STRAWBERRIES;SEASHELLS;4038;4
2100;SUBMISSION;;GIFT_BASKET;SEASHELLS;70626;9
2200;;SUBMISSION;CHOCOLATE;SEASHELLS;7889;36
2200;;SUBMISSION;ROSES;SEASHELLS;14412;9
2200;;SUBMISSION;STRAWBERRIES;SEASHELLS;4037;45
2300;;;CHOCOLATE;SEASHELLS;7890;10
2500;;;ROSES;SEASHELLS;14417;5
2500;;;STRAWBERRIES;SEASHELLS;4036;9
2600;;;AMETHYSTS;SEASHELLS;9996;1
2600;;;STARFRUIT;SEASHELLS;5022;1
2600;;;STARFRUIT;SEASHELLS;5022;6
2600;;;STARFRUIT;SEASHELLS;5022;1
2700;;;STRAWBERRIES;SEASHELLS;4037;5
2700;;;STRAWBERRIES;SEASHELLS;4038;9
2900;;;CHOCOLATE;SEASHELLS;7888;9
3000;;;STARFRUIT;SEASHELLS;5023;1
3300;;;ROSES;SEASHELLS;14420;4
3700;;;AMETHYSTS;SEASHELLS;9998;3
3700;;;STARFRUIT;SEASHELLS;5022;1
3800;;;AMETHYSTS;SEASHELLS;10005;2
3800;;;STARFRUIT;SEASHELLS;5028;2
3900;;;STARFRUIT;SEASHELLS;5026;1
4100;;;AMETHYSTS;SEASHELLS;10002;1
4100;;;STARFRUIT;SEASHELLS;5025;3
4100;;;STARFRUIT;SEASHELLS;5025;1
4300;;;AMETHYSTS;SEASHELLS;9996;1
4300;;;STARFRUIT;SEASHELLS;5020;4
4300;;;STARFRUIT;SEASHELLS;5020;1
4500;;;STARFRUIT;SEASHELLS;5020;1
4600;;;CHOCOLATE;SEASHELLS;7890;8
5300;;;AMETHYSTS;SEASHELLS;9998;2
5300;;;STARFRUIT;SEASHELLS;5019;7
5700;;;AMETHYSTS;SEASHELLS;10002;1
5700;;;STARFRUIT;SEASHELLS;5019;2
5700;;;STRAWBERRIES;SEASHELLS;4037;7
6100;;;CHOCOLATE;SEASHELLS;7894;7
6200;;;ORCHIDS;SEASHELLS;1073;5
6300;;;AMETHYSTS;SEASHELLS;9996;1
6300;;;STARFRUIT;SEASHELLS;5018;10
6300;;;STARFRUIT;SEASHELLS;5018;1
6500;;;AMETHYSTS;SEASHELLS;10002;1
6600;;;CHOCOLATE;SEASHELLS;7894;8
6700;;;ROSES;SEASHELLS;14417;4
6900;;;AMETHYSTS;SEASHELLS;9998;5
6900;;;CHOCOLATE;SEASHELLS;7893;7
7200;;;CHOCOLATE;SEASHELLS;7894;4
7500;;;STARFRUIT;SEASHELLS;5021;5
7700;;;AMETHYSTS;SEASHELLS;10002;3
7700;;;STARFRUIT;SEASHELLS;5025;1
7800;;;ROSES;SEASHELLS;14404;4
8000;;;AMETHYSTS;SEASHELLS;9998;1
8000;;;AMETHYSTS;SEASHELLS;10004;2
8000;;;STARFRUIT;SEASHELLS;5023;1
8000;;;STARFRUIT;SEASHELLS;5025;2
8100;;;STARFRUIT;SEASHELLS;5019;1
8600;;;ROSES;SEASHELLS;14398;2
8800;;;STRAWBERRIES;SEASHELLS;4035;4
9100;;;CHOCOLATE;SEASHELLS;7896;5
9100;;;STARFRUIT;SEASHELLS;5018;1
9400;;;AMETHYSTS;SEASHELLS;10004;2
9500;;;CHOCOLATE;SEASHELLS;7894;6
9600;;;AMETHYSTS;SEASHELLS;9995;9
9600;;;STARFRUIT;SEASHELLS;5019;1
9600;;;STARFRUIT;SEASHELLS;5021;3
9700;;;STARFRUIT;SEASHELLS;5019;1
9900;;;ROSES;SEASHELLS;14388;1
10000;;;CHOCOLATE;SEASHELLS;7899;5
10200;;;AMETHYSTS;SEASHELLS;10004;2
10400;;;AMETHYSTS;SEASHELLS;10002;1
10700;;;AMETHYSTS;SEASHELLS;9998;1
10800;;;STARFRUIT;SEASHELLS;5022;1
10800;;;STARFRUIT;SEASHELLS;5022;11
11400;;;AMETHYSTS;SEASHELLS;9995;9
11400;;;STARFRUIT;SEASHELLS;5023;1
11400;;;STARFRUIT;SEASHELLS;5020;2
11500;;;CHOCOLATE;SEASHELLS;7898;8
11600;;;AMETHYSTS;SEASHELLS;9998;1
11600;;;STRAWBERRIES;SEASHELLS;4034;8
11800;;;AMETHYSTS;SEASHELLS;9998;1
11800;;;STARFRUIT;SEASHELLS;5018;1
11900;;;CHOCOLATE;SEASHELLS;7898;8
12000;;;STARFRUIT;SEASHELLS;5017;1
12000;;;STRAWBERRIES;SEASHELLS;4033;7
12100;;;AMETHYSTS;SEASHELLS;9998;1
12100;;;CHOCOLATE;SEASHELLS;7896;8
12100;;;ROSES;SEASHELLS;14388;1
12200;;SUBMISSION;GIFT_BASKET;SEASHELLS;70562;8
12200;;;AMETHYSTS;SEASHELLS;10004;1
12200;;;AMETHYSTS;SEASHELLS;10004;1
12200;;;STARFRUIT;SEASHELLS;5023;2
12300;SUBMISSION;;CHOCOLATE;SEASHELLS;7895;32
12300;SUBMISSION;;ROSES;SEASHELLS;14389;8
12300;SUBMISSION;;STRAWBERRIES;SEASHELLS;4034;40
12300;;;STARFRUIT;SEASHELLS;5021;1
12400;;;STARFRUIT;SEASHELLS;5021;1
12500;;;STARFRUIT;SEASHELLS;5020;3
12600;;;GIFT_BASKET;SEASHELLS;70563;1
12900;;;GIFT_BASKET;SEASHELLS;70563;2
13000;;;ROSES;SEASHELLS;14398;5
13300;;;AMETHYSTS;SEASHELLS;10002;1
13300;;;STARFRUIT;SEASHELLS;5015;1
13400;;;STARFRUIT;SEASHELLS;5015;1
13600;;;AMETHYSTS;SEASHELLS;10002;1
13700;;;STARFRUIT;SEASHELLS;5019;1
13800;;;ROSES;SEASHELLS;14402;10
14000;;;AMETHYSTS;SEASHELLS;10002;1
14200;;;ROSES;SEASHELLS;14410;2
14400;;;ROSES;SEASHELLS;14414;2
14500;;;AMETHYSTS;SEASHELLS;10004;2
14500;;;STRAWBERRIES;SEASHELLS;4032;3
14600;;;AMETHYSTS;SEASHELLS;9996;1
14600;;;AMETHYSTS;SEASHELLS;9996;3
14600;;;AMETHYSTS;SEASHELLS;9998;1
14700;;;AMETHYSTS;SEASHELLS;9998;1
14700;;;AMETHYSTS;SEASHELLS;9998;2
14700;;;CHOCOLATE;SEASHELLS;7896;5
14700;;;STARFRUIT;SEASHELLS;5013;2
14900;;;CHOCOLATE;SEASHELLS;7896;5
15000;;;GIFT_BASKET;SEASHELLS;70601;1
15000;;;GIFT_BASKET;SEASHELLS;70601;4
15000;;;ORCHIDS;SEASHELLS;1078;5
15000;;;STARFRUIT;SEASHELLS;5014;1
15200;;;STARFRUIT;SEASHELLS;5019;2
15300;;;GIFT_BASKET;SEASHELLS;70627;2
15300;;;GIFT_BASKET;SEASHELLS;70627;4
15400;;;AMETHYSTS;SEASHELLS;9998;3
15500;;;STARFRUIT;SEASHELLS;5016;10
15700;;;CHOCOLATE;SEASHELLS;7899;9
15900;;;AMETHYSTS;SEASHELLS;10004;1
15900;;;STARFRUIT;SEASHELLS;5020;1
16000;;;STARFRUIT;SEASHELLS;5016;9
16100;;;STRAWBERRIES;SEASHELLS;4033;9
16200;;;AMETHYSTS;SEASHELLS;9996;1
16200;;;STARFRUIT;SEASHELLS;5015;1
16300;;;STARFRUIT;SEASHELLS;5017;2
16400;SUBMISSION;;GIFT_BASKET;SEASHELLS;70623;6
16500;;SUBMISSION;CHOCOLATE;SEASHELLS;7894;24
16500;;SUBMISSION;ROSES;SEASHELLS;14417;6
16500;;SUBMISSION;STRAWBERRIES;SEASHELLS;4033;30
16500;;;STRAWBERRIES;SEASHELLS;4033;11
16800;;;STARFRUIT;SEASHELLS;5020;4
17000;;;ROSES;SEASHELLS;14411;2
17100;;;AMETHYSTS;SEASHELLS;10004;2
17100;;;STARFRUIT;SEASHELLS;5023;2
17200;;;STARFRUIT;SEASHELLS;5020;6
17300;;;STRAWBERRIES;SEASHELLS;4032;11
17600;;;CHOCOLATE;SEASHELLS;7889;6
17700;;;STRAWBERRIES;SEASHELLS;4032;8
17700;;;STRAWBERRIES;SEASHELLS;4034;10
17900;;;AMETHYSTS;SEASHELLS;9996;1
17900;;;CHOCOLATE;SEASHELLS;7890;8
17900;;;STARFRUIT;SEASHELLS;5021;1
17900;;;STARFRUIT;SEASHELLS;5020;3
17900;;;STARFRUIT;SEASHELLS;5016;1
18000;;;AMETHYSTS;SEASHELLS;9998;4
18000;;;AMETHYSTS;SEASHELLS;9998;2
18000;;;STRAWBERRIES;SEASHELLS;4032;8
18300;;;STARFRUIT;SEASHELLS;5020;1
18300;;;STRAWBERRIES;SEASHELLS;4032;8
18400;;;ROSES;SEASHELLS;14419;7
18500;;;AMETHYSTS;SEASHELLS;9996;1
19100;;;CHOCOLATE;SEASHELLS;7895;5
19100;;;STRAWBERRIES;SEASHELLS;4032;5
19200;;;AMETHYSTS;SEASHELLS;10002;1
19200;;;STRAWBERRIES;SEASHELLS;4031;3
19200;;;STRAWBERRIES;SEASHELLS;4032;9
20200;;;AMETHYSTS;SEASHELLS;9998;1
20500;;;STRAWBERRIES;SEASHELLS;4032;10
20600;;;AMETHYSTS;SEASHELLS;10002;1
20600;;;STARFRUIT;SEASHELLS;5015;1
20700;;;STRAWBERRIES;SEASHELLS;4034;6
20800;;;CHOCOLATE;SEASHELLS;7892;5
20900;;;AMETHYSTS;SEASHELLS;9998;8
20900;;;CHOCOLATE;SEASHELLS;7893;6
20900;;;STARFRUIT;SEASHELLS;5014;1
21100;;;AMETHYSTS;SEASHELLS;9998;1
21100;;;STARFRUIT;SEASHELLS;5015;5
21200;;;AMETHYSTS;SEASHELLS;9998;1
21300;;;STRAWBERRIES;SEASHELLS;4032;5
21400;;;AMETHYSTS;SEASHELLS;9998;1
21500;;;GIFT_BASKET;SEASHELLS;70579;1
21800;;;ROSES;SEASHELLS;14379;5
22000;;;STARFRUIT;SEASHELLS;5019;1
22000;;;STARFRUIT;SEASHELLS;5019;14
22100;;;AMETHYSTS;SEASHELLS;9998;7
22200;;;AMETHYSTS;SEASHELLS;10004;1
22200;;;STARFRUIT;SEASHELLS;5020;8
22300;;;AMETHYSTS;SEASHELLS;10002;1
22400;;;AMETHYSTS;SEASHELLS;10002;4
22400;;;STARFRUIT;SEASHELLS;5018;6
22400;;;STARFRUIT;SEASHELLS;5018;6
22500;;SUBMISSION;GIFT_BASKET;SEASHELLS;70554;6
22600;SUBMISSION;;CHOCOLATE;SEASHELLS;7886;24
22600;SUBMISSION;;ROSES;SEASHELLS;14369;6
22600;SUBMISSION;;STRAWBERRIES;SEASHELLS;4034;30
22600;;;AMETHYSTS;SEASHELLS;10002;4
22600;;;AMETHYSTS;SEASHELLS;10002;1
22600;;;STARFRUIT;SEASHELLS;5020;10
22700;;;STARFRUIT;SEASHELLS;5018;1
22900;;;STRAWBERRIES;SEASHELLS;4034;9
23000;;SUBMISSION;GIFT_BASKET;SEASHELLS;70521;6
23100;SUBMISSION;;CHOCOLATE;SEASHELLS;7885;24
23100;SUBMISSION;;ROSES;SEASHELLS;14362;6
23100;SUBMISSION;;STRAWBERRIES;SEASHELLS;4035;30
23200;;;AMETHYSTS;SEASHELLS;10002;2
23200;;;CHOCOLATE;SEASHELLS;7884;7
23400;;;CHOCOLATE;SEASHELLS;7884;8
23500;;;CHOCOLATE;SEASHELLS;7885;8
23500;;;ROSES;SEASHELLS;14365;4
23600;;;STARFRUIT;SEASHELLS;5013;1
23700;;;CHOCOLATE;SEASHELLS;7885;8
23700;;;ROSES;SEASHELLS;14371;3
23800;;;STARFRUIT;SEASHELLS;5021;14
23900;;;STRAWBERRIES;SEASHELLS;4034;6
24100;;;AMETHYSTS;SEASHELLS;10004;2
24100;;;AMETHYSTS;SEASHELLS;10004;7
24200;;;STRAWBERRIES;SEASHELLS;4034;5
24400;;;AMETHYSTS;SEASHELLS;9998;1
24400;;;STARFRUIT;SEASHELLS;5020;1
24500;;;STARFRUIT;SEASHELLS;5013;1
24600;;;STARFRUIT;SEASHELLS;5018;1
24900;;;AMETHYSTS;SEASHELLS;9998;1
25200;;;STARFRUIT;SEASHELLS;5015;5
25300;;;CHOCOLATE;SEASHELLS;7884;5
25300;;;STRAWBERRIES;SEASHELLS;4035;8
25500;;;AMETHYSTS;SEASHELLS;10002;2
25500;;;STARFRUIT;SEASHELLS;5014;1
25500;;;STRAWBERRIES;SEASHELLS;4036;4
25600;;;CHOCOLATE;SEASHELLS;7882;8
25800;;;AMETHYSTS;SEASHELLS;10004;1
25800;;;STARFRUIT;SEASHELLS;5021;1
25900;;;AMETHYSTS;SEASHELLS;10004;2
25900;;;STARFRUIT;SEASHELLS;5020;2
25900;;;STARFRUIT;SEASHELLS;5019;1
26000;;;AMETHYSTS;SEASHELLS;10004;1
26000;;;STARFRUIT;SEASHELLS;5014;1
26000;;;STARFRUIT;SEASHELLS;5021;1
26200;;;AMETHYSTS;SEASHELLS;10002;1
26200;;;STRAWBERRIES;SEASHELLS;4036;12
26500;;;STRAWBERRIES;SEASHELLS;4035;6
26700;;;STARFRUIT;SEASHELLS;5015;1
26700;;;STARFRUIT;SEASHELLS;5015;14
26800;;;STRAWBERRIES;SEASHELLS;4036;7
27200;;;GIFT_BASKET;SEASHELLS;70557;2
27200;;;STARFRUIT;SEASHELLS;5016;6
27300;;;STRAWBERRIES;SEASHELLS;4036;8
27400;;;STARFRUIT;SEASHELLS;5018;5
27500;;;STRAWBERRIES;SEASHELLS;4037;4
27700;;;AMETHYSTS;SEASHELLS;10002;5
27900;;;AMETHYSTS;SEASHELLS;9995;5
28000;;;STARFRUIT;SEASHELLS;5017;1
28000;;;STARFRUIT;SEASHELLS;5017;8
28100;;;AMETHYSTS;SEASHELLS;10004;1
28100;;;STARFRUIT;SEASHELLS;5023;1
28200;;;GIFT_BASKET;SEASHELLS;70565;2
28600;;;AMETHYSTS;SEASHELLS;10002;3
28600;;;ROSES;SEASHELLS;14395;3
28600;;;STARFRUIT;SEASHELLS;5018;1
29100;;;CHOCOLATE;SEASHELLS;7885;8
29200;;;STRAWBERRIES;SEASHELLS;4035;6
29300;;;GIFT_BASKET;SEASHELLS;70558;1
29300;;;GIFT_BASKET;SEASHELLS;70557;4
29400;;;GIFT_BASKET;SEASHELLS;70576;2
29600;;;ROSES;SEASHELLS;14398;2
29600;;;STARFRUIT;SEASHELLS;5018;3
29700;;;STARFRUIT;SEASHELLS;5020;3
29800;;;AMETHYSTS;SEASHELLS;9996;1
30200;;;AMETHYSTS;SEASHELLS;9996;1
30200;;;AMETHYSTS;SEASHELLS;9995;2
30200;;;STARFRUIT;SEASHELLS;5017;2
30400;;;CHOCOLATE;SEASHELLS;7892;5
30400;;;STARFRUIT;SEASHELLS;5017;15
30400;;;STRAWBERRIES;SEASHELLS;4036;9
30500;;;AMETHYSTS;SEASHELLS;10004;2
30500;;;STARFRUIT;SEASHELLS;5018;1
30500;;;STARFRUIT;SEASHELLS;5024;2
30600;;;ROSES;SEASHELLS;14399;2
30800;;;AMETHYSTS;SEASHELLS;9998;4
30800;;;STARFRUIT;SEASHELLS;5024;1
30900;;;ROSES;SEASHELLS;14398;5
30900;;;STRAWBERRIES;SEASHELLS;4033;10
31000;;;ROSES;SEASHELLS;14393;1
31100;;;AMETHYSTS;SEASHELLS;9998;1
31100;;;STARFRUIT;SEASHELLS;5019;1
31400;;;ROSES;SEASHELLS;14395;1
31400;;;STARFRUIT;SEASHELLS;5019;1
31500;;;STARFRUIT;SEASHELLS;5025;1
31700;;;AMETHYSTS;SEASHELLS;10002;1
31900;;;AMETHYSTS;SEASHELLS;10004;1
31900;;;STARFRUIT;SEASHELLS;5028;1
32000;;;AMETHYSTS;SEASHELLS;10002;1
32200;;;STARFRUIT;SEASHELLS;5027;1
32300;;;ROSES;SEASHELLS;14399;2
32300;;;STARFRUIT;SEASHELLS;5026;3
32400;;;ORCHIDS;SEASHELLS;1048;2
32400;;;STARFRUIT;SEASHELLS;5021;1
32500;;;AMETHYSTS;SEASHELLS;10002;1
32600;;;STARFRUIT;SEASHELLS;5022;1
32700;;;AMETHYSTS;SEASHELLS;10002;2
32700;;;CHOCOLATE;SEASHELLS;7892;10
32800;;;GIFT_BASKET;SEASHELLS;70576;4
32900;;;AMETHYSTS;SEASHELLS;10004;1
32900;;;STARFRUIT;SEASHELLS;5027;1
33000;;;AMETHYSTS;SEASHELLS;10002;5
33000;;;AMETHYSTS;SEASHELLS;10002;2
33000;;;AMETHYSTS;SEASHELLS;10002;1
33000;;;STARFRUIT;SEASHELLS;5023;2
33200;;;STARFRUIT;SEASHELLS;5027;1
33300;;;STRAWBERRIES;SEASHELLS;4032;4
33400;;;AMETHYSTS;SEASHELLS;10002;3
33400;;;ROSES;SEASHELLS;14389;3
33400;;;STRAWBERRIES;SEASHELLS;4032;11
33400;;;STRAWBERRIES;SEASHELLS;4032;4
33600;;;CHOCOLATE;SEASHELLS;7891;7
33600;;;ROSES;SEASHELLS;14395;1
33800;;;ROSES;SEASHELLS;14394;2
33900;;;CHOCOLATE;SEASHELLS;7892;5
34300;;;AMETHYSTS;SEASHELLS;9998;1
34300;;;STARFRUIT;SEASHELLS;5021;1
34300;;;STARFRUIT;SEASHELLS;5022;1
34300;;;STARFRUIT;SEASHELLS;5024;5
34400;;;ROSES;SEASHELLS;14393;4
34400;;;STRAWBERRIES;SEASHELLS;4032;4
34600;;;AMETHYSTS;SEASHELLS;10004;1
34600;;;CHOCOLATE;SEASHELLS;7893;5
34800;;;CHOCOLATE;SEASHELLS;7891;8
34800;;;STRAWBERRIES;SEASHELLS;4033;11
34900;;;AMETHYSTS;SEASHELLS;9998;3
34900;;;STARFRUIT;SEASHELLS;5019;13
35100;;SUBMISSION;GIFT_BASKET;SEASHELLS;70588;6
35100;;;AMETHYSTS;SEASHELLS;9995;2
35100;;;ROSES;SEASHELLS;14391;1
35100;;;STARFRUIT;SEASHELLS;5019;2
35200;SUBMISSION;;CHOCOLATE;SEASHELLS;7887;24
35200;SUBMISSION;;ROSES;SEASHELLS;14390;6
35200;SUBMISSION;;STRAWBERRIES;SEASHELLS;4034;30
35400;;;AMETHYSTS;SEASHELLS;9995;2
35400;;;STARFRUIT;SEASHELLS;5019;4
35400;;;STARFRUIT;SEASHELLS;5019;2
35800;;;STARFRUIT;SEASHELLS;5024;1
36000;;;STARFRUIT;SEASHELLS;5020;2
36100;;;AMETHYSTS;SEASHELLS;9998;1
36100;;;STRAWBERRIES;SEASHELLS;4034;4
36400;;;AMETHYSTS;SEASHELLS;10004;1
36400;;;AMETHYSTS;SEASHELLS;10004;10
36600;;;STARFRUIT;SEASHELLS;5020;3
36800;;;STRAWBERRIES;SEASHELLS;4035;4
37000;;;ROSES;SEASHELLS;14382;5
37100;SUBMISSION;;GIFT_BASKET;SEASHELLS;70560;8
37100;;;STARFRUIT;SEASHELLS;5024;1
37100;;;STARFRUIT;SEASHELLS;5023;3
37200;;SUBMISSION;CHOCOLATE;SEASHELLS;7889;32
37200;;SUBMISSION;ROSES;SEASHELLS;14381;8
37200;;SUBMISSION;STRAWBERRIES;SEASHELLS;4035;40
37200;;;AMETHYSTS;SEASHELLS;9998;1
37400;;;STRAWBERRIES;SEASHELLS;4037;4
37600;;;STRAWBERRIES;SEASHELLS;4037;6
37800;;;ROSES;SEASHELLS;14392;2
37800;;;STARFRUIT;SEASHELLS;5026;1
37900;;;STARFRUIT;SEASHELLS;5026;1
38000;;;AMETHYSTS;SEASHELLS;9998;4
38000;;;CHOCOLATE;SEASHELLS;7890;7
38100;;;AMETHYSTS;SEASHELLS;10002;2
38400;;;ROSES;SEASHELLS;14389;4
38400;;;STARFRUIT;SEASHELLS;5026;14
38500;;;AMETHYSTS;SEASHELLS;10002;1
38600;;;GIFT_BASKET;SEASHELLS;70595;1
38700;;;AMETHYSTS;SEASHELLS;10002;1
39000;;;STARFRUIT;SEASHELLS;5021;5
39200;;;STARFRUIT;SEASHELLS;5019;1
39200;;;STARFRUIT;SEASHELLS;5020;5
39500;;;ROSES;SEASHELLS;14387;3
39500;;;STARFRUIT;SEASHELLS;5024;7
39700;;;STRAWBERRIES;SEASHELLS;4036;12
39800;;;CHOCOLATE;SEASHELLS;7890;6
39800;;;STARFRUIT;SEASHELLS;5023;1
39900;;;AMETHYSTS;SEASHELLS;9998;4
40000;;;AMETHYSTS;SEASHELLS;10004;1
40000;;;CHOCOLATE;SEASHELLS;7890;8
40000;;;STARFRUIT;SEASHELLS;5025;1
40400;;;STRAWBERRIES;SEASHELLS;4038;6
40500;;;AMETHYSTS;SEASHELLS;9998;4
40600;;;STARFRUIT;SEASHELLS;5019;1
40700;;;STARFRUIT;SEASHELLS;5019;1
40800;;;AMETHYSTS;SEASHELLS;10002;8
40800;;;STARFRUIT;SEASHELLS;5019;1
40800;;;STRAWBERRIES;SEASHELLS;4039;5
40900;;;STRAWBERRIES;SEASHELLS;4038;9
41000;;;STARFRUIT;SEASHELLS;5021;2
41100;;;STRAWBERRIES;SEASHELLS;4038;9
41300;;;AMETHYSTS;SEASHELLS;9995;6
41300;;;CHOCOLATE;SEASHELLS;7891;7
41300;;;STARFRUIT;SEASHELLS;5025;1
41700;;;ORCHIDS;SEASHELLS;1038;3
42100;;;CHOCOLATE;SEASHELLS;7891;8
42300;;;AMETHYSTS;SEASHELLS;9998;1
42400;;;AMETHYSTS;SEASHELLS;9998;5
42400;;;ROSES;SEASHELLS;14349;2
42500;;;GIFT_BASKET;SEASHELLS;70514;6
42600;;;ROSES;SEASHELLS;14349;3
42600;;;STARFRUIT;SEASHELLS;5020;1
42600;;;STRAWBERRIES;SEASHELLS;4038;8
42700;;;AMETHYSTS;SEASHELLS;10002;1
42700;;;STRAWBERRIES;SEASHELLS;4037;4
42800;;;AMETHYSTS;SEASHELLS;9998;1
42800;;;CHOCOLATE;SEASHELLS;7892;7
42800;;;STARFRUIT;SEASHELLS;5021;3
43100;;;CHOCOLATE;SEASHELLS;7890;9
43300;;;CHOCOLATE;SEASHELLS;7890;9
43400;;;AMETHYSTS;SEASHELLS;9996;2
43400;;;AMETHYSTS;SEASHELLS;9996;2
43400;;;STARFRUIT;SEASHELLS;5026;2
43500;;;AMETHYSTS;SEASHELLS;10005;1
43500;;;STARFRUIT;SEASHELLS;5024;1
43600;;;STARFRUIT;SEASHELLS;5024;6
43600;;;STARFRUIT;SEASHELLS;5024;8
43700;;;STARFRUIT;SEASHELLS;5023;3
43800;;;STARFRUIT;SEASHELLS;5019;1
44000;;;STARFRUIT;SEASHELLS;5025;1
44400;;;ROSES;SEASHELLS;14350;3
44600;;;ROSES;SEASHELLS;14348;3
44600;;;STARFRUIT;SEASHELLS;5027;1
44600;;;STRAWBERRIES;SEASHELLS;4039;5
44700;;;ORCHIDS;SEASHELLS;1029;4
44700;;;STRAWBERRIES;SEASHELLS;4038;6
44800;;;ROSES;SEASHELLS;14353;5
45000;;;AMETHYSTS;SEASHELLS;9995;2
45000;;;STARFRUIT;SEASHELLS;5022;2
45100;;;CHOCOLATE;SEASHELLS;7888;6
45200;;;CHOCOLATE;SEASHELLS;7890;6
45300;;;STRAWBERRIES;SEASHELLS;4038;4
45400;;;AMETHYSTS;SEASHELLS;10004;2
45400;;;STARFRUIT;SEASHELLS;5028;2
45500;SUBMISSION;;GIFT_BASKET;SEASHELLS;70495;10
45500;;;STARFRUIT;SEASHELLS;5021;1
45500;;;STRAWBERRIES;SEASHELLS;4038;6
45600;;SUBMISSION;CHOCOLATE;SEASHELLS;7893;40
45600;;SUBMISSION;ROSES;SEASHELLS;14356;10
45600;;SUBMISSION;STRAWBERRIES;SEASHELLS;4036;50
45600;;;AMETHYSTS;SEASHELLS;10002;1
45600;;;STARFRUIT;SEASHELLS;5027;1
45900;;;GIFT_BASKET;SEASHELLS;70509;2
45900;;;GIFT_BASKET;SEASHELLS;70508;6
46000;;;CHOCOLATE;SEASHELLS;7891;7
46000;;;ORCHIDS;SEASHELLS;1033;2
46200;;;AMETHYSTS;SEASHELLS;10002;1
46200;;;ROSES;SEASHELLS;14371;2
46600;;;ROSES;SEASHELLS;14378;4
47200;;;AMETHYSTS;SEASHELLS;10004;1
47300;;;AMETHYSTS;SEASHELLS;9998;1
47300;;;STARFRUIT;SEASHELLS;5023;1
47400;;;STARFRUIT;SEASHELLS;5024;8
47400;;;STARFRUIT;SEASHELLS;5030;14
47800;;;AMETHYSTS;SEASHELLS;10002;4
47900;;;STARFRUIT;SEASHELLS;5029;10
48000;;;AMETHYSTS;SEASHELLS;9998;1
48000;;;STARFRUIT;SEASHELLS;5027;5
48300;;;AMETHYSTS;SEASHELLS;10002;1
48400;;;ROSES;SEASHELLS;14380;2
48400;;;STARFRUIT;SEASHELLS;5029;6
48500;;;CHOCOLATE;SEASHELLS;7897;6
48600;;;AMETHYSTS;SEASHELLS;10004;1
48600;;;AMETHYSTS;SEASHELLS;10004;10
48600;;;AMETHYSTS;SEASHELLS;10002;1
48600;;;STARFRUIT;SEASHELLS;5028;1
48700;;;STARFRUIT;SEASHELLS;5024;1
48800;;;STARFRUIT;SEASHELLS;5028;1
48900;;;CHOCOLATE;SEASHELLS;7898;5
49000;;;AMETHYSTS;SEASHELLS;9998;1
49000;;;STRAWBERRIES;SEASHELLS;4037;9
49100;;;AMETHYSTS;SEASHELLS;10002;1
49100;;;STRAWBERRIES;SEASHELLS;4036;9
49300;;;AMETHYSTS;SEASHELLS;10002;10
49300;;;STRAWBERRIES;SEASHELLS;4035;12
49700;;;STARFRUIT;SEASHELLS;5022;1
49900;;;STARFRUIT;SEASHELLS;5027;1
50400;;;STRAWBERRIES;SEASHELLS;4037;7
50500;;;STARFRUIT;SEASHELLS;5026;4
50600;;;STARFRUIT;SEASHELLS;5023;4
50800;;;AMETHYSTS;SEASHELLS;10002;1
50900;;;AMETHYSTS;SEASHELLS;9996;2
50900;;;AMETHYSTS;SEASHELLS;9996;10
50900;;;STARFRUIT;SEASHELLS;5022;4
50900;;;STRAWBERRIES;SEASHELLS;4038;7
50900;;;STRAWBERRIES;SEASHELLS;4038;4
51100;;;ROSES;SEASHELLS;14393;4
51200;;;CHOCOLATE;SEASHELLS;7897;5
51300;;;AMETHYSTS;SEASHELLS;9998;3
51300;;;AMETHYSTS;SEASHELLS;9998;1
51300;;;CHOCOLATE;SEASHELLS;7897;5
51400;;;AMETHYSTS;SEASHELLS;9998;1
51400;;;ROSES;SEASHELLS;14394;2
51800;;;AMETHYSTS;SEASHELLS;9998;2
51800;;;STARFRUIT;SEASHELLS;5019;2
51900;;;AMETHYSTS;SEASHELLS;10005;5
51900;;;CHOCOLATE;SEASHELLS;7896;7
52400;;;STARFRUIT;SEASHELLS;5020;3
52700;;;STARFRUIT;SEASHELLS;5024;1
52800;;;AMETHYSTS;SEASHELLS;10004;1
52800;;;AMETHYSTS;SEASHELLS;10004;2
52900;;;STARFRUIT;SEASHELLS;5019;10
53000;;;AMETHYSTS;SEASHELLS;10004;2
53000;;;GIFT_BASKET;SEASHELLS;70586;2
53100;SUBMISSION;;GIFT_BASKET;SEASHELLS;70566;10
53100;;;AMETHYSTS;SEASHELLS;10002;1
53100;;;STRAWBERRIES;SEASHELLS;4040;4
53200;;SUBMISSION;CHOCOLATE;SEASHELLS;7890;40
53200;;SUBMISSION;ROSES;SEASHELLS;14387;10
53200;;SUBMISSION;STRAWBERRIES;SEASHELLS;4040;50
53800;;;GIFT_BASKET;SEASHELLS;70558;3
53900;;;STRAWBERRIES;SEASHELLS;4042;5
54000;;;AMETHYSTS;SEASHELLS;9998;4
54000;;;ROSES;SEASHELLS;14394;1
54200;;;STARFRUIT;SEASHELLS;5019;1
54500;;;STARFRUIT;SEASHELLS;5023;8
54600;;;CHOCOLATE;SEASHELLS;7886;7
54600;;;STARFRUIT;SEASHELLS;5021;5
54700;;;AMETHYSTS;SEASHELLS;10002;10
54700;;;AMETHYSTS;SEASHELLS;10002;1
55000;;;ROSES;SEASHELLS;14378;4
55400;;;STRAWBERRIES;SEASHELLS;4042;5
55500;;;STRAWBERRIES;SEASHELLS;4042;9
55600;;;STRAWBERRIES;SEASHELLS;4041;8
55700;;;CHOCOLATE;SEASHELLS;7888;5
55800;;;AMETHYSTS;SEASHELLS;9998;1
55800;;;AMETHYSTS;SEASHELLS;9998;3
55800;;;AMETHYSTS;SEASHELLS;10005;8
55800;;;STARFRUIT;SEASHELLS;5018;13
55800;;;STRAWBERRIES;SEASHELLS;4042;5
55900;;;AMETHYSTS;SEASHELLS;10002;1
55900;;;CHOCOLATE;SEASHELLS;7887;7
56000;;;AMETHYSTS;SEASHELLS;10005;8
56000;;;ROSES;SEASHELLS;14378;1
56000;;;STARFRUIT;SEASHELLS;5022;4
56100;;;AMETHYSTS;SEASHELLS;9995;3
56200;;SUBMISSION;GIFT_BASKET;SEASHELLS;70539;10
56200;;;STARFRUIT;SEASHELLS;5019;3
56300;SUBMISSION;;CHOCOLATE;SEASHELLS;7886;40
56300;SUBMISSION;;ROSES;SEASHELLS;14379;10
56300;SUBMISSION;;STRAWBERRIES;SEASHELLS;4044;50
56500;;;AMETHYSTS;SEASHELLS;10002;1
56500;;;STRAWBERRIES;SEASHELLS;4043;5
56600;;;ROSES;SEASHELLS;14378;1
56700;;;STARFRUIT;SEASHELLS;5017;1
57000;;;ROSES;SEASHELLS;14370;2
57000;;;STRAWBERRIES;SEASHELLS;4044;4
57600;;;AMETHYSTS;SEASHELLS;10002;1
57600;;;STARFRUIT;SEASHELLS;5020;1
57600;;;STARFRUIT;SEASHELLS;5022;6
57700;;;AMETHYSTS;SEASHELLS;10002;1
58000;;;STARFRUIT;SEASHELLS;5021;1
58200;;;AMETHYSTS;SEASHELLS;10004;1
58200;;;STARFRUIT;SEASHELLS;5021;1
58400;;;CHOCOLATE;SEASHELLS;7892;8
58600;;;AMETHYSTS;SEASHELLS;9998;2
58600;;;AMETHYSTS;SEASHELLS;9998;1
58600;;;STRAWBERRIES;SEASHELLS;4045;8
58700;;;STARFRUIT;SEASHELLS;5015;3
59000;;;CHOCOLATE;SEASHELLS;7894;9
59100;;;GIFT_BASKET;SEASHELLS;70586;7
59600;;;STRAWBERRIES;SEASHELLS;4044;6
59900;;;STRAWBERRIES;SEASHELLS;4044;7
60000;;SUBMISSION;GIFT_BASKET;SEASHELLS;70619;8
60100;SUBMISSION;;CHOCOLATE;SEASHELLS;7896;32
60100;SUBMISSION;;ROSES;SEASHELLS;14363;8
60100;SUBMISSION;;STRAWBERRIES;SEASHELLS;4045;40
60300;;SUBMISSION;GIFT_BASKET;SEASHELLS;70621;6
60300;;;CHOCOLATE;SEASHELLS;7899;8
60400;SUBMISSION;;CHOCOLATE;SEASHELLS;7899;24
60400;SUBMISSION;;ROSES;SEASHELLS;14361;6
60400;SUBMISSION;;STRAWBERRIES;SEASHELLS;4045;30
60400;;;STRAWBERRIES;SEASHELLS;4044;4
60400;;;STRAWBERRIES;SEASHELLS;4045;10
60500;SUBMISSION;;GIFT_BASKET;SEASHELLS;70621;6
60500;;;AMETHYSTS;SEASHELLS;9996;1
60500;;;ORCHIDS;SEASHELLS;1053;5
60500;;;STARFRUIT;SEASHELLS;5015;1
60500;;;STARFRUIT;SEASHELLS;5016;4
60600;;SUBMISSION;CHOCOLATE;SEASHELLS;7898;24
60600;;SUBMISSION;ROSES;SEASHELLS;14358;6
60600;;SUBMISSION;STRAWBERRIES;SEASHELLS;4044;30
60600;;;STRAWBERRIES;SEASHELLS;4045;6
60900;;;AMETHYSTS;SEASHELLS;9998;1
60900;;;GIFT_BASKET;SEASHELLS;70606;4
60900;;;STARFRUIT;SEASHELLS;5019;1
60900;;;STRAWBERRIES;SEASHELLS;4043;6
61100;SUBMISSION;;GIFT_BASKET;SEASHELLS;70592;7
61200;;SUBMISSION;CHOCOLATE;SEASHELLS;7899;28
61200;;SUBMISSION;ROSES;SEASHELLS;14354;7
61200;;SUBMISSION;STRAWBERRIES;SEASHELLS;4043;35
61400;;;AMETHYSTS;SEASHELLS;10002;2
61400;;;STARFRUIT;SEASHELLS;5018;6
61500;;;STARFRUIT;SEASHELLS;5016;1
61600;;;AMETHYSTS;SEASHELLS;10002;5
61900;;;STRAWBERRIES;SEASHELLS;4046;8
62000;;;ROSES;SEASHELLS;14344;5
62100;;;STARFRUIT;SEASHELLS;5016;1
62300;;;AMETHYSTS;SEASHELLS;9996;2
62400;;;CHOCOLATE;SEASHELLS;7902;6
62500;;;AMETHYSTS;SEASHELLS;9998;4
62500;;;ROSES;SEASHELLS;14356;3
62800;;;ORCHIDS;SEASHELLS;1054;5
62800;;;ROSES;SEASHELLS;14355;2
62800;;;STRAWBERRIES;SEASHELLS;4046;7
63000;;;CHOCOLATE;SEASHELLS;7902;7
63300;;;STARFRUIT;SEASHELLS;5015;9
63800;;;ROSES;SEASHELLS;14366;1
63800;;;STRAWBERRIES;SEASHELLS;4044;4
63900;;;STARFRUIT;SEASHELLS;5017;1
63900;;;STARFRUIT;SEASHELLS;5017;3
64000;;;CHOCOLATE;SEASHELLS;7903;5
64000;;;STRAWBERRIES;SEASHELLS;4043;10
64100;;;STARFRUIT;SEASHELLS;5016;1
64300;;;AMETHYSTS;SEASHELLS;10002;1
64400;;;AMETHYSTS;SEASHELLS;10002;1
64400;;;ROSES;SEASHELLS;14381;2
64400;;;STRAWBERRIES;SEASHELLS;4043;5
64500;;;AMETHYSTS;SEASHELLS;9998;1
64500;;;STARFRUIT;SEASHELLS;5016;1
64700;;;AMETHYSTS;SEASHELLS;10005;2
64700;;;STARFRUIT;SEASHELLS;5022;2
64800;;;GIFT_BASKET;SEASHELLS;70597;2
65000;;;AMETHYSTS;SEASHELLS;9998;2
65000;;;STARFRUIT;SEASHELLS;5016;2
65100;;;STARFRUIT;SEASHELLS;5016;1
65500;;;ROSES;SEASHELLS;14385;2
65600;;;STARFRUIT;SEASHELLS;5017;1
65700;;;ORCHIDS;SEASHELLS;1053;3
65700;;;STARFRUIT;SEASHELLS;5022;1
65800;;;ROSES;SEASHELLS;14389;4
65900;;;STRAWBERRIES;SEASHELLS;4044;10
66000;;;STARFRUIT;SEASHELLS;5024;5
66100;;;ROSES;SEASHELLS;14393;3
66200;;;AMETHYSTS;SEASHELLS;9998;2
66200;;;AMETHYSTS;SEASHELLS;9998;2
66200;;;STARFRUIT;SEASHELLS;5018;1
66300;;;STARFRUIT;SEASHELLS;5021;5
66700;;;CHOCOLATE;SEASHELLS;7902;7
66700;;;STARFRUIT;SEASHELLS;5017;1
66800;;;AMETHYSTS;SEASHELLS;10002;1
66800;;;ROSES;SEASHELLS;14387;3
66800;;;STARFRUIT;SEASHELLS;5019;4
67100;;;ROSES;SEASHELLS;14392;3
67100;;;STARFRUIT;SEASHELLS;5021;1
67100;;;STARFRUIT;SEASHELLS;5017;9
67300;;;ROSES;SEASHELLS;14396;1
67400;;;STRAWBERRIES;SEASHELLS;4044;8
67500;;;ORCHIDS;SEASHELLS;1056;4
67900;;;ROSES;SEASHELLS;14406;5
68500;;;ROSES;SEASHELLS;14401;5
68600;;;AMETHYSTS;SEASHELLS;10004;1
68600;;;STARFRUIT;SEASHELLS;5023;1
68700;;;CHOCOLATE;SEASHELLS;7903;8
68800;;;STARFRUIT;SEASHELLS;5017;3
68900;;;STRAWBERRIES;SEASHELLS;4043;10
69300;;;ROSES;SEASHELLS;14410;11
69400;;SUBMISSION;GIFT_BASKET;SEASHELLS;70698;6
69500;SUBMISSION;;CHOCOLATE;SEASHELLS;7902;24
69500;SUBMISSION;;ROSES;SEASHELLS;14411;6
69500;SUBMISSION;;STRAWBERRIES;SEASHELLS;4046;30
69500;;;AMETHYSTS;SEASHELLS;9995;11
69900;;;ROSES;SEASHELLS;14402;1
70000;;;ROSES;SEASHELLS;14401;7
70000;;;STARFRUIT;SEASHELLS;5017;1
70000;;;STARFRUIT;SEASHELLS;5016;9
70200;;;AMETHYSTS;SEASHELLS;10004;1
70200;;;STARFRUIT;SEASHELLS;5023;1
70600;;;STARFRUIT;SEASHELLS;5021;5
70900;;;ROSES;SEASHELLS;14393;1
71100;;;ORCHIDS;SEASHELLS;1061;4
71100;;;STARFRUIT;SEASHELLS;5023;1
71200;;;AMETHYSTS;SEASHELLS;9998;1
71300;;SUBMISSION;GIFT_BASKET;SEASHELLS;70683;7
71300;;;STRAWBERRIES;SEASHELLS;4044;6
71400;SUBMISSION;;CHOCOLATE;SEASHELLS;7909;28
71400;SUBMISSION;;ROSES;SEASHELLS;14386;7
71400;SUBMISSION;;STRAWBERRIES;SEASHELLS;4045;35
71500;;;AMETHYSTS;SEASHELLS;10002;1
71500;;;STARFRUIT;SEASHELLS;5017;1
71500;;;STARFRUIT;SEASHELLS;5024;6
71600;;;STARFRUIT;SEASHELLS;5017;1
71700;;;CHOCOLATE;SEASHELLS;7909;6
71900;;;AMETHYSTS;SEASHELLS;9998;1
72400;;;GIFT_BASKET;SEASHELLS;70721;1
72400;;;GIFT_BASKET;SEASHELLS;70720;5
72500;;;CHOCOLATE;SEASHELLS;7909;7
72500;;;STARFRUIT;SEASHELLS;5021;5
72900;;;AMETHYSTS;SEASHELLS;9998;1
73000;;;AMETHYSTS;SEASHELLS;9998;1
73000;;;STARFRUIT;SEASHELLS;5023;1
73000;;;STARFRUIT;SEASHELLS;5018;2
73200;;;STARFRUIT;SEASHELLS;5023;1
73300;;;ROSES;SEASHELLS;14390;4
73300;;;STARFRUIT;SEASHELLS;5018;1
73600;;;CHOCOLATE;SEASHELLS;7907;7
73700;;;AMETHYSTS;SEASHELLS;10002;1
73800;;;AMETHYSTS;SEASHELLS;10002;2
73800;;;STARFRUIT;SEASHELLS;5022;2
74200;;;STARFRUIT;SEASHELLS;5016;1
74300;;;AMETHYSTS;SEASHELLS;10005;1
74300;;;STARFRUIT;SEASHELLS;5023;1
74400;;;STARFRUIT;SEASHELLS;5016;8
74600;;;STRAWBERRIES;SEASHELLS;4044;8
75000;;;AMETHYSTS;SEASHELLS;10002;5
75100;;;AMETHYSTS;SEASHELLS;9995;1
75100;;;ORCHIDS;SEASHELLS;1049;3
75100;;;STARFRUIT;SEASHELLS;5015;1
75400;;;STRAWBERRIES;SEASHELLS;4044;4
75700;;;AMETHYSTS;SEASHELLS;9998;1
75800;;;AMETHYSTS;SEASHELLS;10002;1
75800;;;STARFRUIT;SEASHELLS;5019;2
75900;;;STRAWBERRIES;SEASHELLS;4044;5
76300;;;AMETHYSTS;SEASHELLS;9996;1
76300;;;AMETHYSTS;SEASHELLS;9996;7
76500;;;AMETHYSTS;SEASHELLS;10004;1
76500;;;AMETHYSTS;SEASHELLS;10002;1
76500;;;STARFRUIT;SEASHELLS;5021;1
76500;;;STARFRUIT;SEASHELLS;5019;2
76900;;;ROSES;SEASHELLS;14410;2
77000;;;STARFRUIT;SEASHELLS;5021;12
77100;;;AMETHYSTS;SEASHELLS;10002;1
77100;;;STARFRUIT;SEASHELLS;5015;5
77400;;;STARFRUIT;SEASHELLS;5014;1
78200;;;AMETHYSTS;SEASHELLS;10002;1
78200;;;STARFRUIT;SEASHELLS;5019;1
78300;;;STARFRUIT;SEASHELLS;5014;1
78600;;;AMETHYSTS;SEASHELLS;10002;1
78700;;;AMETHYSTS;SEASHELLS;9998;2
78800;;;AMETHYSTS;SEASHELLS;10002;1
79000;;;AMETHYSTS;SEASHELLS;10002;1
79200;;;AMETHYSTS;SEASHELLS;10005;2
79200;;;STARFRUIT;SEASHELLS;5018;1
79200;;;STARFRUIT;SEASHELLS;5019;2
79400;;;ROSES;SEASHELLS;14414;3
79600;;;ROSES;SEASHELLS;14410;5
79700;;;STRAWBERRIES;SEASHELLS;4042;5
80000;;;AMETHYSTS;SEASHELLS;9998;2
80000;;;ROSES;SEASHELLS;14413;5
80100;;;ORCHIDS;SEASHELLS;1048;5
80100;;;STARFRUIT;SEASHELLS;5017;1
80200;;;CHOCOLATE;SEASHELLS;7909;6
80300;;;STARFRUIT;SEASHELLS;5013;1
80400;;;ROSES;SEASHELLS;14410;3
80400;;;STARFRUIT;SEASHELLS;5011;1
80600;;;STARFRUIT;SEASHELLS;5011;9
80800;;;AMETHYSTS;SEASHELLS;9998;1
80800;;;CHOCOLATE;SEASHELLS;7906;5
80800;;;STRAWBERRIES;SEASHELLS;4042;4
81000;;;STARFRUIT;SEASHELLS;5010;1
81000;;;STARFRUIT;SEASHELLS;5009;12
81000;;;STRAWBERRIES;SEASHELLS;4042;6
81100;;;CHOCOLATE;SEASHELLS;7905;7
81300;;;ROSES;SEASHELLS;14400;3
81500;;;AMETHYSTS;SEASHELLS;9995;1
81500;;;STARFRUIT;SEASHELLS;5010;1
82000;;;STRAWBERRIES;SEASHELLS;4043;7
82100;;;ROSES;SEASHELLS;14389;5
82200;;;AMETHYSTS;SEASHELLS;9998;2
82200;;;CHOCOLATE;SEASHELLS;7900;6
82200;;;STARFRUIT;SEASHELLS;5009;2
82200;;;STRAWBERRIES;SEASHELLS;4043;10
82600;;;STARFRUIT;SEASHELLS;5010;2
82700;;;ROSES;SEASHELLS;14394;4
82900;;;AMETHYSTS;SEASHELLS;9996;2
83100;;;CHOCOLATE;SEASHELLS;7904;8
83200;;;AMETHYSTS;SEASHELLS;10002;1
83200;;;STRAWBERRIES;SEASHELLS;4042;6
83300;;;AMETHYSTS;SEASHELLS;9996;2
83300;;;STARFRUIT;SEASHELLS;5014;1
83300;;;STARFRUIT;SEASHELLS;5008;2
83400;;;AMETHYSTS;SEASHELLS;9995;2
83400;;;STARFRUIT;SEASHELLS;5008;2
83400;;;STRAWBERRIES;SEASHELLS;4043;8
83500;;;CHOCOLATE;SEASHELLS;7903;4
83500;;;ROSES;SEASHELLS;14392;5
83600;;;AMETHYSTS;SEASHELLS;10002;1
83600;;;CHOCOLATE;SEASHELLS;7903;6
83600;;;CHOCOLATE;SEASHELLS;7903;5
83600;;;STRAWBERRIES;SEASHELLS;4042;6
84000;SUBMISSION;;GIFT_BASKET;SEASHELLS;70689;10
84000;;;ROSES;SEASHELLS;14398;1
84100;;SUBMISSION;CHOCOLATE;SEASHELLS;7903;40
84100;;SUBMISSION;ROSES;SEASHELLS;14402;10
84100;;SUBMISSION;STRAWBERRIES;SEASHELLS;4043;50
84100;;;ORCHIDS;SEASHELLS;1053;2
84200;;;AMETHYSTS;SEASHELLS;9998;1
84300;;;AMETHYSTS;SEASHELLS;9996;1
84300;;;STARFRUIT;SEASHELLS;5013;1
84300;;;STARFRUIT;SEASHELLS;5013;8
84500;;;ROSES;SEASHELLS;14402;4
84700;;;ROSES;SEASHELLS;14402;3
85200;;;STARFRUIT;SEASHELLS;5012;1
85300;;;AMETHYSTS;SEASHELLS;9998;1
85700;;;AMETHYSTS;SEASHELLS;10002;1
85700;;;STARFRUIT;SEASHELLS;5014;1
85800;;;CHOCOLATE;SEASHELLS;7900;6
85900;;;STARFRUIT;SEASHELLS;5009;1
86200;;;AMETHYSTS;SEASHELLS;9998;1
86200;;;CHOCOLATE;SEASHELLS;7899;6
86200;;;CHOCOLATE;SEASHELLS;7899;6
86300;;;ROSES;SEASHELLS;14399;1
86300;;;STRAWBERRIES;SEASHELLS;4041;6
86400;;;STARFRUIT;SEASHELLS;5008;1
86800;;;AMETHYSTS;SEASHELLS;10002;1
86800;;;STARFRUIT;SEASHELLS;5008;1
86900;;;STARFRUIT;SEASHELLS;5009;3
87100;;;STARFRUIT;SEASHELLS;5009;1
87100;;;STRAWBERRIES;SEASHELLS;4040;10
87300;;;AMETHYSTS;SEASHELLS;9998;3
87400;;;CHOCOLATE;SEASHELLS;7900;5
87400;;;ROSES;SEASHELLS;14398;1
87400;;;STRAWBERRIES;SEASHELLS;4042;8
88100;;;CHOCOLATE;SEASHELLS;7902;6
88100;;;GIFT_BASKET;SEASHELLS;70710;5
88300;;;STARFRUIT;SEASHELLS;5015;1
88500;;;ROSES;SEASHELLS;14407;1
88600;;;ROSES;SEASHELLS;14411;2
88700;;;ROSES;SEASHELLS;14407;1
88700;;;STRAWBERRIES;SEASHELLS;4041;8
88800;;;AMETHYSTS;SEASHELLS;9998;5
88900;;;CHOCOLATE;SEASHELLS;7900;7
89000;;;AMETHYSTS;SEASHELLS;10002;2
89200;;;STRAWBERRIES;SEASHELLS;4042;10
89400;;;AMETHYSTS;SEASHELLS;10002;1
89400;;;AMETHYSTS;SEASHELLS;10000;2
89400;;;STARFRUIT;SEASHELLS;5012;2
89500;;;ROSES;SEASHELLS;14405;1
89600;;;CHOCOLATE;SEASHELLS;7900;5
89600;;;STRAWBERRIES;SEASHELLS;4041;8
89700;;;ROSES;SEASHELLS;14406;5
89900;;;AMETHYSTS;SEASHELLS;10002;1
89900;;;STRAWBERRIES;SEASHELLS;4042;3
90000;;;AMETHYSTS;SEASHELLS;9998;2
90000;;;STARFRUIT;SEASHELLS;5015;1
90000;;;STARFRUIT;SEASHELLS;5015;2
90200;;;STARFRUIT;SEASHELLS;5010;6
90200;;;STARFRUIT;SEASHELLS;5010;2
90200;;;STARFRUIT;SEASHELLS;5010;7
90500;;;AMETHYSTS;SEASHELLS;10002;1
90700;;;ROSES;SEASHELLS;14415;2
90800;;;AMETHYSTS;SEASHELLS;10002;2
90800;;;STARFRUIT;SEASHELLS;5009;1
90900;;;AMETHYSTS;SEASHELLS;9998;1
91100;;;AMETHYSTS;SEASHELLS;9996;2
91100;;;ROSES;SEASHELLS;14416;2
91100;;;STARFRUIT;SEASHELLS;5009;2
91200;;;GIFT_BASKET;SEASHELLS;70723;2
91200;;;GIFT_BASKET;SEASHELLS;70722;2
91500;;;CHOCOLATE;SEASHELLS;7902;8
91600;;;AMETHYSTS;SEASHELLS;9998;6
91600;;;ROSES;SEASHELLS;14417;5
91800;;;AMETHYSTS;SEASHELLS;9996;1
91800;;;AMETHYSTS;SEASHELLS;9996;1
91800;;;STARFRUIT;SEASHELLS;5012;2
91900;;;GIFT_BASKET;SEASHELLS;70747;1
91900;;;GIFT_BASKET;SEASHELLS;70747;5
92200;;;AMETHYSTS;SEASHELLS;9998;1
92300;;;AMETHYSTS;SEASHELLS;9996;1
92300;;;AMETHYSTS;SEASHELLS;9996;8
92400;;;AMETHYSTS;SEASHELLS;10005;2
92400;;;STARFRUIT;SEASHELLS;5012;2
92600;;;ROSES;SEASHELLS;14418;4
92600;;;ROSES;SEASHELLS;14418;1
92800;;;AMETHYSTS;SEASHELLS;10002;2
92800;;;ROSES;SEASHELLS;14416;1
93100;;;STARFRUIT;SEASHELLS;5008;2
93200;;;ROSES;SEASHELLS;14418;3
93300;;;AMETHYSTS;SEASHELLS;9995;2
93300;;;ROSES;SEASHELLS;14420;2
93300;;;STARFRUIT;SEASHELLS;5006;2
93400;;SUBMISSION;GIFT_BASKET;SEASHELLS;70758;5
93400;;;CHOCOLATE;SEASHELLS;7903;4
93500;SUBMISSION;;CHOCOLATE;SEASHELLS;7905;20
93500;SUBMISSION;;ROSES;SEASHELLS;14420;5
93500;SUBMISSION;;STRAWBERRIES;SEASHELLS;4043;25
93600;;;STRAWBERRIES;SEASHELLS;4042;3
93700;;;AMETHYSTS;SEASHELLS;9998;3
93700;;;AMETHYSTS;SEASHELLS;9998;1
93700;;;STARFRUIT;SEASHELLS;5008;1
93900;;;AMETHYSTS;SEASHELLS;9995;1
93900;;;ROSES;SEASHELLS;14419;4
93900;;;STARFRUIT;SEASHELLS;5006;1
93900;;;STARFRUIT;SEASHELLS;5009;4
94300;;;CHOCOLATE;SEASHELLS;7902;6
94500;;;STRAWBERRIES;SEASHELLS;4043;8
94600;;;AMETHYSTS;SEASHELLS;9998;6
94600;;;STARFRUIT;SEASHELLS;5011;1
94600;;;STRAWBERRIES;SEASHELLS;4043;4
94800;;;STRAWBERRIES;SEASHELLS;4043;10
95000;;SUBMISSION;GIFT_BASKET;SEASHELLS;70718;9
95000;;;STARFRUIT;SEASHELLS;5011;1
95100;SUBMISSION;;CHOCOLATE;SEASHELLS;7904;36
95100;SUBMISSION;;ROSES;SEASHELLS;14425;9
95100;SUBMISSION;;STRAWBERRIES;SEASHELLS;4043;45
95200;;;CHOCOLATE;SEASHELLS;7902;5
95400;;;ROSES;SEASHELLS;14420;4
95400;;;STARFRUIT;SEASHELLS;5013;2
96200;;;STARFRUIT;SEASHELLS;5007;1
96900;;;STARFRUIT;SEASHELLS;5012;1
97100;;;GIFT_BASKET;SEASHELLS;70663;5
97500;;;STRAWBERRIES;SEASHELLS;4044;10
97600;;;AMETHYSTS;SEASHELLS;9998;1
97600;;;ROSES;SEASHELLS;14407;4
97700;;;AMETHYSTS;SEASHELLS;10005;1
97700;;;STARFRUIT;SEASHELLS;5008;1
97700;;;STARFRUIT;SEASHELLS;5014;1
97800;;;ROSES;SEASHELLS;14412;1
98100;;;ROSES;SEASHELLS;14416;7
98200;;;STRAWBERRIES;SEASHELLS;4044;11
98300;;;STARFRUIT;SEASHELLS;5010;5
98400;;;ROSES;SEASHELLS;14418;5
98600;;;CHOCOLATE;SEASHELLS;7900;7
98600;;;STRAWBERRIES;SEASHELLS;4044;10
98700;;;AMETHYSTS;SEASHELLS;9996;1
98700;;;AMETHYSTS;SEASHELLS;9996;1
98700;;;STARFRUIT;SEASHELLS;5010;2
98900;;;AMETHYSTS;SEASHELLS;9998;1
98900;;;CHOCOLATE;SEASHELLS;7898;6
98900;;;STARFRUIT;SEASHELLS;5016;1
99100;;;AMETHYSTS;SEASHELLS;9996;1
99100;;;STARFRUIT;SEASHELLS;5012;1
99300;;;STARFRUIT;SEASHELLS;5018;9
99500;;;ROSES;SEASHELLS;14403;2
99500;;;STRAWBERRIES;SEASHELLS;4043;8
99900;;;AMETHYSTS;SEASHELLS;9998;1
99900;;;CHOCOLATE;SEASHELLS;7898;7
